<record><leader>00000cas a2200000 a 4500</leader><controlfield tag="001">11232817</controlfield><controlfield tag="008">841005d187u187ukyudr ne      0    0eng d</controlfield><datafield ind1=" " ind2=" " tag="010"><subfield code="a">sn 84038272 </subfield></datafield><datafield ind1=" " ind2=" " tag="040"><subfield code="a">NPX</subfield><subfield code="b">eng</subfield><subfield code="c">NPX</subfield><subfield code="d">KNP</subfield><subfield code="d">OCL</subfield><subfield code="d">OCLCQ</subfield></datafield><datafield ind1=" " ind2=" " tag="042"><subfield code="a">msc</subfield></datafield><datafield ind1="0" ind2=" " tag="130"><subfield code="a">Daily tribune (Paducah, Ky.)</subfield></datafield><datafield ind1="1" ind2="4" tag="245"><subfield code="a">The daily tribune.</subfield></datafield><datafield ind1=" " ind2=" " tag="260"><subfield code="a">Paducah, Ky. :</subfield><subfield code="b">Perry &amp; Shields</subfield></datafield><datafield ind1=" " ind2=" " tag="300"><subfield code="a">v.</subfield></datafield><datafield ind1=" " ind2=" " tag="310"><subfield code="a">Daily</subfield></datafield><datafield ind1=" " ind2=" " tag="500"><subfield code="a">"Opposed to high taxes upon the people."</subfield></datafield><datafield ind1=" " ind2=" " tag="588"><subfield code="a">Description based on: Vol. 1, no. 219 (July 4, 1876).</subfield></datafield><datafield ind1=" " ind2="4" tag="651"><subfield code="a">McCracken County (Ky.)</subfield><subfield code="v">Newspapers.</subfield></datafield><datafield ind1=" " ind2="4" tag="651"><subfield code="a">Paducah (Ky.)</subfield><subfield code="v">Newspapers.</subfield></datafield><datafield ind1=" " ind2=" " tag="752"><subfield code="a">United States</subfield><subfield code="b">Kentucky</subfield><subfield code="c">McCracken</subfield><subfield code="d">Paducah.</subfield></datafield><datafield ind1="1" ind2=" " tag="029"><subfield code="a">AU@</subfield><subfield code="b">000020508263</subfield></datafield></record>